@article{KO,
    author= {'Okokpujie', Kennedy O.},
    title = { Design and implementation of a 
student attendance system using iris biometric recognition.},
    journal = { International Conference on Computational Science and
 Computational Intelligence (CSCI). IEEE} ,
    year = 2017
}